@book{vukolov,
  author   = {Вуколов Э.А.; Ефимов А.В.; Земсков В.Н.; Каракулин А.Ф.},
  year      = {1990},
  title     = {Сборник задач по математике для втузов.
                Методы оптимизации уравнения в частных
                производных. Интегральные уравнения. [Ч. 4].
                Методы оптимизации. Уравнения в частных производных.
                Интегральные уравнения.},
  publisher = {М.: Наука; Издание 2-е, перераб.}
}

@book{danilov,
  author    = {Данилов  В.Я., Зінько  П.М.},
  year      = {2013},
  title     = {Числові алгоритми  оптимізації: Навчальний  посібник для  студ.  вищ.
              навч.  закл},
  publisher = {К.: Видавничо-поліграфічний  центр  «Київський
              університет»}
}

@misc{autograd,
  author       = {Dougal Maclaurin, David Duvenaud, Matt Johnson and Jamie Townsend},
  title        = {Autograd[Електронний ресурс]},
  howpublished = {Режим доступу:\url{https://github.com/HIPS/autograd}},
}